

@article{ho-2006-welfar-effec,
  author =	 {Katherine Ho},
  title =	 {The Welfare Effects of Restricted Hospital Choice in
                  the Us Medical Care Market},
  journal =	 {Journal of Applied Econometrics},
  volume =	 21,
  number =	 7,
  pages =	 {1039-1079},
  year =	 2006,
  doi =		 {10.1002/jae.896},
  url =		 {https://doi.org/10.1002/jae.896},
  DATE_ADDED =	 {Wed Nov 22 16:51:55 2017},
}


